<?xml version="1.0" encoding="UTF-8"?><collection xmlns="http://www.loc.gov/MARC21/slim"><record><leader>00413nam--2200157-i-4500</leader><controlfield tag="001">000007165</controlfield><controlfield tag="002">20161230</controlfield><controlfield tag="005">20170210163601</controlfield><controlfield tag="008">060222s1000------------r-----000-0-eng-d</controlfield><datafield ind1=" " ind2=" " tag="100"><subfield code="a">Brasseur, M</subfield></datafield><datafield ind1=" " ind2=" " tag="245"><subfield code="a">Description en algol d un compilateur algol simplifie</subfield></datafield><datafield ind1=" " ind2=" " tag="260"><subfield code="a">/Grenoble</subfield><subfield code="b">Algol, 15 Aril</subfield><subfield code="c">1964</subfield></datafield><datafield ind1=" " ind2=" " tag="300"><subfield code="a">51 P</subfield></datafield><datafield ind1=" " ind2=" " tag="490"><subfield code="a">Imag-groupe Algol</subfield></datafield><datafield ind1=" " ind2=" " tag="700"><subfield code="a">Cohen, J</subfield></datafield><datafield ind1=" " ind2=" " tag="CAT"><subfield code="a">SYS</subfield><subfield code="c">20170210</subfield><subfield code="h">163601</subfield></datafield></record></collection>